@article{anastasiou2010translating,
  title={Translating vital information: Localisation, internationalisation, and globalisation},
  author={Anastasiou, Dimitra and Sch{\"a}ler, Reinhard},
  journal={Syntheses Journal},
  volume={3},
  pages={11--25},
  year={2010}
}

@online{w3cqainternationalisation,
  title={W3C Internationalisation Q\&A},
  author={Richard Ishida, Susan K. Miller},
  url={https://www.w3.org/International/questions/qa-i18n},
  year={2005},
  urldate={2019-08-17}
}

@online{i18nvsg10nkaplan,
  title={Internationalizaton vs. localizability, MSDN blog archive},
  author={Michael S. Kaplan},
  url={http://archives.miloush.net/michkap/archive/2005/09/09/462862.html},
  year={2005},
  urldate={2019-08-17}
}

@online{dotnetglobalisation,
  title={Globalizing and localizing .NET applications, .NET Guide},
  author={{Microsoft}},
  url={https://docs.microsoft.com/en-us/dotnet/standard/globalization-localization/index},
  year={2019},
  urldate={2019-08-17}
}

@online{i18norigin,
  title={Origin Of The Abbreviation I18n},
  author={Tex Texin},
  url={http://www.i18nguy.com/origini18n.html},
  urldate={2019-08-17}
}

@online{hydranetflix,
  title={Hydra, Medium Netflix blog},
  author={Tim Brandall, Prosenjit Bhattacharyya, Kunal Bisla, and Steve Swanson},
  url={https://medium.com/netflix-techblog/localization-technologies-at-netflix-d033e7b13cf},
  year={2015},
  urldate={2019-08-17}
}

@online{gdpr,
  title={GDPR},
  url={https://eugdpr.org},
  year={2016},
  urldate={2019-08-17}
}

@online{hospitalfinenews,
  title={Portuguese Data Protection Authority Imposes 400,000 Eur Fine on Hospital},
  author={Datenschutz notizen},
  url={https://www.datenschutz-notizen.de/portuguese-data-protection-authority-imposes-400000-e-fine-on-hospital-4821441/},
  year={2018},
  urldate={2019-08-17}
}

@online{yarovayalaw,
  title={Yarovaya Law and new telecoms data storage requirements},
  author={International Law Office},
  url={http://www.gorodissky.com/upload/articles/files/Yarovaya_Law_and_new_telecoms_data_storage_requirements.pdf},
  year={2018},
  urldate={2019-08-17}
}

@online{yarovayaicnl,
  title={Overview of the Package of Changes into a Number of Laws of the Russian Federation Designed to Provide for Additional Measures to Counteract Terrorism},
  author={ICNL},
  url={http://www.icnl.org/research/library/files/Russia/Yarovaya.pdf},
  year={2016},
  urldate={2019-08-17}
}

@online{googleoffices,
  title={Google office locations},
  author={Google},
  url={https://careers.google.com/locations/},
  year={2019},
  urldate={2019-08-17}
}

@online{microsoftoffices,
  title={Microsoft office locations around the world},
  author={Microsoft},
  url={https://www.microsoft.com/en-us/worldwide.aspx},
  year={2019},
  urldate={2019-08-17}
}

@online{appleoffices,
  title={Apple find locations},
  author={Apple},
  url={https://locate.apple.com/},
  year={2019},
  urldate={2019-08-17}
}

@online{sapoffices,
  title={SAP Worldwide directory},
  author={SAP},
  url={https://www.sap.com/corporate/en/company/office-locations.html},
  year={2019},
  urldate={2019-08-17}
}

@online{amazonoffices,
  title={Amazon Locations},
  author={Amazon},
  url={https://www.amazon.jobs/en-gb/locations/},
  year={2019},
  urldate={2019-08-17}
}

@online{fbakoncipher,
  title={Of the Proficience and Advancement of Learning, Divine and Human},
  author={Francis Bacon},
  url={https://archive.org/details/advancementofl00baco/page/256},
  year={1605},
  urldate={2019-08-17}
}

@online{fiedmanbaconcipher,
  title={Cipher Baconis Gallup},
  author={W.F. Friedman},
  url={https://digitalcollections.nypl.org/collections/bacon-cipher-collection},
  year={1916},
  urldate={2019-08-17}
}

@inproceedings{martin2010technological,
  title={Technological archaeology: Technical description of the Gauss-Weber telegraph},
  author={Martín-Rodríguez, Fernando, Gonzalo Barrio García, and María Álvarez Lires},
  booktitle={2010 Second Region 8 IEEE Conference on the History of Communications},
  pages={1--4},
  year={2010},
  organization={IEEE}
}